<?xml version="1.0" encoding="UTF-8"?><collection xmlns="http://www.loc.gov/MARC21/slim"><record><leader>00494nam--2200181-i-4500</leader><controlfield tag="001">000019770</controlfield><controlfield tag="002">20161230</controlfield><controlfield tag="005">20170112234522</controlfield><controlfield tag="008">060222s1000------------r-----000-0-eng-d</controlfield><datafield ind1=" " ind2=" " tag="080"><subfield code="a">519.212</subfield></datafield><datafield ind1=" " ind2=" " tag="100"><subfield code="a">Dellacherie, C</subfield></datafield><datafield ind1=" " ind2=" " tag="245"><subfield code="a">Seminaire de probabilites XII. Universite de Strasbourg, 1976/1977</subfield></datafield><datafield ind1=" " ind2=" " tag="260"><subfield code="a">Berlin</subfield><subfield code="b">Springer-Verlag</subfield><subfield code="c">1978</subfield></datafield><datafield ind1=" " ind2=" " tag="300"><subfield code="a">VIII + 805 p</subfield></datafield><datafield ind1=" " ind2=" " tag="490"><subfield code="a">Lecture Notes In Mathematics</subfield></datafield><datafield ind1=" " ind2=" " tag="700"><subfield code="a">Eckmann, B</subfield></datafield><datafield ind1=" " ind2=" " tag="852"><subfield code="a">46528</subfield></datafield><datafield ind1=" " ind2=" " tag="CAT"><subfield code="a">SYS</subfield><subfield code="c">20170112</subfield><subfield code="h">234522</subfield></datafield></record></collection>